<?xml version="1.0" encoding="UTF-8"?><collection xmlns="http://www.loc.gov/MARC21/slim"><record><leader>00399nam--2200157-i-4500</leader><controlfield tag="001">000036960</controlfield><controlfield tag="002">20161230</controlfield><controlfield tag="005">20170113002833</controlfield><controlfield tag="008">060222s1000------------r-----000-0-eng-d</controlfield><datafield ind1=" " ind2=" " tag="080"><subfield code="a">621.039.5:539.1(07)</subfield></datafield><datafield ind1=" " ind2=" " tag="100"><subfield code="a">Profio, A. Edward</subfield></datafield><datafield ind1=" " ind2=" " tag="245"><subfield code="a">Experimental reactor physics</subfield></datafield><datafield ind1=" " ind2=" " tag="260"><subfield code="a">New York</subfield><subfield code="b">John Wiley &amp; Sons</subfield><subfield code="c">1976</subfield></datafield><datafield ind1=" " ind2=" " tag="300"><subfield code="a">XI+811 p</subfield></datafield><datafield ind1=" " ind2=" " tag="852"><subfield code="a">43574</subfield></datafield><datafield ind1=" " ind2=" " tag="CAT"><subfield code="a">SYS</subfield><subfield code="c">20170113</subfield><subfield code="h">002833</subfield></datafield></record></collection>